<?xml version="1.0" encoding="UTF-8"?><record xmlns="http://www.loc.gov/MARC21/slim" xmlns:cinclude="http://apache.org/cocoon/include/1.0" xmlns:zs="http://www.loc.gov/zing/srw/">
  <leader>00353cz  a2200121n  4500</leader>
  <controlfield tag="001">n  77014070 </controlfield>
  <controlfield tag="003">DLC</controlfield>
  <controlfield tag="005">19891207103219.4</controlfield>
  <controlfield tag="008">771115n| acannaab|          |n aaa |||  </controlfield>
  <datafield tag="010" ind1=" " ind2=" ">
    <subfield code="a">n  77014070 </subfield>
  </datafield>
  <datafield tag="040" ind1=" " ind2=" ">
    <subfield code="a">DLC</subfield>
    <subfield code="c">DLC</subfield>
    <subfield code="d">DLC</subfield>
  </datafield>
  <datafield tag="100" ind1="1" ind2="0">
    <subfield code="a">Bogert, John</subfield>
  </datafield>
  <datafield tag="670" ind1=" " ind2=" ">
    <subfield code="a">His 100 best restaurants ... c1977:</subfield>
    <subfield code="b">t.p. (John Bogert) verso of t.p. (copyright by John R. Bogert)</subfield>
  </datafield>
</record>